<record><leader>00000cas a2200000Ia 4500</leader><controlfield tag="001">22255929</controlfield><controlfield tag="008">900822d19881998vauen ne     s0   a0eng d</controlfield><datafield ind1=" " ind2=" " tag="010"><subfield code="a">sn 98068315 </subfield></datafield><datafield ind1=" " ind2=" " tag="040"><subfield code="a">VRC</subfield><subfield code="b">eng</subfield><subfield code="c">VRC</subfield><subfield code="d">NVK</subfield><subfield code="d">OCLCQ</subfield></datafield><datafield ind1=" " ind2=" " tag="043"><subfield code="a">n-us-va</subfield></datafield><datafield ind1=" " ind2="4" tag="050"><subfield code="a">LD5651.V87</subfield><subfield code="b">A1 Also Film 1219</subfield></datafield><datafield ind1="0" ind2="0" tag="245"><subfield code="a">VCU voice.</subfield></datafield><datafield ind1=" " ind2=" " tag="260"><subfield code="a">Richmond, Va. :</subfield><subfield code="b">University Relations, Virginia Commonwealth University,</subfield><subfield code="c">1988-1998.</subfield></datafield><datafield ind1=" " ind2=" " tag="300"><subfield code="a">v. :</subfield><subfield code="b">ill. ;</subfield><subfield code="c">39 cm.</subfield></datafield><datafield ind1=" " ind2=" " tag="310"><subfield code="a">Biweekly</subfield></datafield><datafield ind1="0" ind2=" " tag="362"><subfield code="a">Vol. 17, no. 2 (Sept. 14 1988)-v. 26, no. 20 (July 13, 1998).</subfield></datafield><datafield ind1=" " ind2=" " tag="500"><subfield code="a">Published monthly during summer months.</subfield></datafield><datafield ind1=" " ind2=" " tag="530"><subfield code="a">Available on microfilm from the Library of Virginia.</subfield></datafield><datafield ind1="2" ind2="0" tag="610"><subfield code="a">Virginia Commonwealth University</subfield><subfield code="v">Newspapers.</subfield></datafield><datafield ind1=" " ind2="0" tag="651"><subfield code="a">Richmond (Va.)</subfield><subfield code="v">Newspapers.</subfield></datafield><datafield ind1="2" ind2=" " tag="710"><subfield code="a">Virginia Commonwealth University.</subfield><subfield code="b">University Relations.</subfield></datafield><datafield ind1=" " ind2=" " tag="752"><subfield code="a">United States</subfield><subfield code="b">Virginia</subfield><subfield code="d">Richmond.</subfield></datafield><datafield ind1="0" ind2="0" tag="780"><subfield code="t">VCU today</subfield><subfield code="w">(DLC)sn 98068063</subfield></datafield><datafield ind1="0" ind2="0" tag="785"><subfield code="t">UniverCity news</subfield><subfield code="w">(DLC)sn2001062582</subfield></datafield></record>